<?xml version="1.0" encoding="UTF-8"?><collection xmlns="http://www.loc.gov/MARC21/slim"><record><leader>00459nam--2200169-i-4500</leader><controlfield tag="001">000027241</controlfield><controlfield tag="002">20161230</controlfield><controlfield tag="005">20161230201036</controlfield><controlfield tag="008">060222s1000------------r-----000-0-eng-d</controlfield><datafield ind1=" " ind2=" " tag="040"><subfield code="a">IFIN-HH</subfield></datafield><datafield ind1=" " ind2=" " tag="080"><subfield code="a">537.37:546:535.37</subfield></datafield><datafield ind1="1" ind2=" " tag="100"><subfield code="a">Kroger, F.A</subfield></datafield><datafield ind1="1" ind2="0" tag="245"><subfield code="a">Some aspects of the luminiscence of solids</subfield><subfield code="c">F.a. kroger</subfield></datafield><datafield ind1=" " ind2=" " tag="260"><subfield code="a">New-york</subfield><subfield code="b">Elsevier Publishing Company, Inc</subfield><subfield code="c">1948</subfield></datafield><datafield ind1=" " ind2=" " tag="300"><subfield code="a">310P</subfield></datafield><datafield ind1=" " ind2=" " tag="852"><subfield code="a">565</subfield><subfield code="c">535.37</subfield></datafield><datafield ind1=" " ind2=" " tag="CAT"><subfield code="a">Sys</subfield><subfield code="c">20110413</subfield><subfield code="h">104245</subfield></datafield></record></collection>